@article{Shen_2015,
    author = {Zhaiming Shen and Lasse Rempe-Gillen},
    title = {The Exponential Map Is Chaotic: An Invitation to Transcendental Dynamics},
    journal = {The American Mathematical Monthly},
    volume = {122},
    number = {10},
    pages = {919 - 940},
    year = {2015},
    publisher = {Taylor \& Francis},
    doi = {10.4169/amer.math.monthly.122.10.919},
}

@book{Devaney_1986,
  author = {Robert Luke Devaney},
  editor = {},
  title = {An introduction to chaotic dynamical systems},
  publisher = {Addison-Wesley},
  year = {1989},
  edition = {2}
}

@article{Misiurewicz_1981,
  title={On iterates of \(e^z\)},
  volume={1},
  DOI={10.1017/S014338570000119X},
  number={1},
  journal={Ergodic Theory and Dynamical Systems},
  author={Michał Misiurewicz},
  year={1981},
  pages={103 - 106}
}

@article{Fatou_1926,
  author = {Pierre Joseph Louis Fatou},
  title = {Sur l'itération des fonctions transcendantes entières},
  volume = {47},
  journal = {Acta Mathematica},
  number = {4},
  publisher = {Institut Mittag-Leffler},
  pages = {337 - 370},
  year = {1926},
  doi = {10.1007/BF02559517}
}

@inbook{Giunti_2012,
  author = {Marco Giunti and Claudio Mazzola},
  title = {DYNAMICAL SYSTEMS ON MONOIDS: TOWARD A GENERAL THEORY OF DETERMINISTIC SYSTEMS AND MOTION},
  booktitle = {Methods, Models, Simulations and Approaches Towards a General Theory of Change},
  chapter = {},
  pages = {173 - 185},
  doi = {10.1142/9789814383332_0012}
}

@book{Rudin_1987,
  author={Rudin, W.},
  title={Real and Complex Analysis},
  series={Higher Mathematics Series},
  year={1987},
  publisher={McGraw-Hill Education},
  pages = {1},
}

@book{Needham_1997,
  author={Ted Needham},
  title={Visual Complex Analysis},
  publisher={Oxford University Press},
  year={1997},
}