@book{devaney1989,
    author = {Devaney, R. L.},
    title = {An Introduction to Chaotic Dynamical Systems},
    year = {1989},
    pages = {50},
    edition = {Second Edition},
    publisher = {Addison-Wesley, Redwood City}
}

@article{implikacija1992,
    author = {J. Banks and J. Brooks and G. Cairns and G. Davis and P. Stacey},
    title = {On Devaney's Definition of Chaos},
    journal = {The American Mathematical Monthly},
    volume = {99},
    number = {4},
    pages = {332--334},
    year = {1992},
    publisher = {Taylor \& Francis},
    doi = {10.1080/00029890.1992.11995856},
}

@article{bergweiler1993,
    author={Bergweiler, Walter},
    title={Iteration of meromorphic functions},
    volume={29},
    ISSN={1088-9485},
    url={http://dx.doi.org/10.1090/S0273-0979-1993-00432-4},
    DOI={10.1090/s0273-0979-1993-00432-4},
    number={2},
    journal={Bulletin of the American Mathematical Society},
    publisher={American Mathematical Society (AMS)},
    year={1993},
    pages={151--188}
}

@article{shen01122015,
    author = {Zhaiming Shen and Lasse Rempe-Gillen},
    title = {The Exponential Map Is Chaotic: An Invitation to Transcendental Dynamics},
    journal = {The American Mathematical Monthly},
    volume = {122},
    number = {10},
    pages = {919--940},
    year = {2015},
    publisher = {Taylor \& Francis},
    doi = {10.4169/amer.math.monthly.122.10.919},
}
